<?xml version="1.0" encoding="UTF-8"?><collection xmlns="http://www.loc.gov/MARC21/slim"><record><leader>00543nam--2200169-i-4500</leader><controlfield tag="001">000048725</controlfield><controlfield tag="002">20161230</controlfield><controlfield tag="005">20161230201047</controlfield><controlfield tag="008">060222s1000------------r-----000-0-eng-d</controlfield><datafield ind1=" " ind2=" " tag="040"><subfield code="a">IFIN-HH</subfield></datafield><datafield ind1=" " ind2=" " tag="080"><subfield code="a">539.1:539.2:061.3</subfield></datafield><datafield ind1="1" ind2=" " tag="110"><subfield code="a">Department Of Atomic Energy</subfield></datafield><datafield ind1="1" ind2="0" tag="245"><subfield code="a">Nuclear physics</subfield><subfield code="b">Proceedings of the nuclear physics and solid state physics symposium 1967 kanpur february 27 - march 3, 1967</subfield></datafield><datafield ind1=" " ind2=" " tag="260"><subfield code="a">Bombay</subfield><subfield code="b">Department Of Atomic Energy</subfield><subfield code="c">1967</subfield></datafield><datafield ind1=" " ind2=" " tag="300"><subfield code="a">XIX + 598P</subfield></datafield><datafield ind1=" " ind2=" " tag="852"><subfield code="a">28252</subfield><subfield code="c">539</subfield></datafield><datafield ind1=" " ind2=" " tag="CAT"><subfield code="a">Sys</subfield><subfield code="c">20111004</subfield><subfield code="h">165142</subfield></datafield></record></collection>